<?xml version="1.0" encoding="UTF-8"?><collection xmlns="http://www.loc.gov/MARC21/slim"><record><leader>00435nam--2200145-i-4500</leader><controlfield tag="001">000009649</controlfield><controlfield tag="002">20161230</controlfield><controlfield tag="005">20170206190148</controlfield><controlfield tag="008">060222s1000------------r-----000-0-eng-d</controlfield><datafield ind1=" " ind2=" " tag="100"><subfield code="a">Brown, G. W</subfield></datafield><datafield ind1=" " ind2=" " tag="245"><subfield code="a">Two-pion exchange contribution to the nucleon nucleon force and an effectivemeson nuclear physics a153(1970)</subfield></datafield><datafield ind1=" " ind2=" " tag="260"><subfield code="a">Kobenhavn</subfield><subfield code="b">Nordita</subfield><subfield code="c">1970</subfield></datafield><datafield ind1=" " ind2=" " tag="300"><subfield code="a">/-8-16/ p</subfield></datafield><datafield ind1=" " ind2=" " tag="700"><subfield code="a">Riska, D. O</subfield></datafield><datafield ind1=" " ind2=" " tag="CAT"><subfield code="a">SYS</subfield><subfield code="c">20170206</subfield><subfield code="h">190148</subfield></datafield></record></collection>